@ARTICLE{1677946, 
	AUTHOR= {R. W. {Beard} and T. W. {McLain} and D. B. {Nelson} and D. {Kingston} and D. {Johanson}}, 
	journal={Proceedings of the IEEE}, 
	TITLE = {Decentralized Cooperative Aerial Surveillance Using Fixed-Wing Miniature {UAVs}}, 
	year= {2006}, 
	volume={94}, 
	number={7}, 
	pages={1306-1324}
}
@BOOK{beard_book,  
	TITLE = {Small Unmanned Aircraft: Theory and Practice},  
	AUTHOR = { Randal W. Beard and Timothy W. McLain},  
	YEAR = {2012},   
	PUBLISHER = {Princeton University Press},
}
@ARTICLE{6740857, 
	author={R. W. {Beard} and J. {Ferrin} and J. {Humpherys}}, 
	journal={IEEE Transactions on Control Systems Technology}, 
	title={Fixed Wing {UAV} Path Following in Wind With Input Constraints}, 
	year={2014}, 
	volume={22}, 
	number={6}, 
	pages={2103-2117}, 
}
@ARTICLE{8747462, 
	author={S. {Fari} and X. {Wang} and S. {Roy} and S. {Baldi}}, 
	journal={IEEE Transactions on Aerospace and Electronic Systems}, 
	title={Addressing Unmodelled Path-Following Dynamics via Adaptive Vector Field: a {UAV} Test Case},
	year={2019}, 
	doi={10.1109/TAES.2019.2925487}, 
}