@misc{mirowski2018learning,
    title={Learning to Navigate in Cities Without a Map},
    author={Piotr Mirowski and Matthew Koichi Grimes and Mateusz Malinowski and Karl Moritz Hermann and Keith Anderson and Denis Teplyashin and Karen Simonyan and Koray Kavukcuoglu and Andrew Zisserman and Raia Hadsell},
    year={2018},
    eprint={1804.00168},
    archivePrefix={arXiv},
    primaryClass={cs.AI}
}
